@manual{amd,
  title		= "AMD Accelerated Parallel Processing OpenCL Programming Guide rev2.6",
  %author		= "",
  %organization	= "",
  %address	= "",
  %edition	= "",
  year		= "2013",
  month		= "aug",
  %note		= "",
}

@article{laurent,
  title={Optimization-Based Algorithms for Tensor Decompositions: Canonical Polyadic Decomposition, Decomposition in Rank-(L\_r,L\_r,1) Terms, and a New Generalization},
  author={Sorber, Laurent and Van Barel, Marc and De Lathauwer, Lieven},
  journal={SIAM Journal on Optimization},
  volume={23},
  number={2},
  pages={695--720},
  year={2013},
  publisher={SIAM}
}

@article{bfgs,
  title={Numerical Optimization 2nd},
  author={Nocedal, Jorge and Wright, Stephen J},
  year={2006},
  publisher={Springer}
}
